@article{Zagar2022,
  author={Žagar, A. and Robnik-Šikonja, M.},
  title={Slovenian text summarization models},
  journal={},
  year={2022},
  %volume={28},
  %pages={1-17},
  doi={10.1017/S1351324922000024}
}




@article{subramanian2017automatic,
  author={Subramanian, Sandeep and Zitnick, C. Lawrence and Essa, Irfan},
  title={Automatic Generation of Movie Descriptions},
  journal={},
  year={2017},
}


@article{huang2020movie,
  author={Huang, Yen-Yu and Chang, Hsin-Hsi and Lin, Liang-Chih},
  title={Movie Summarization Based on Subtitles and Ratings},
  journal={},
  year={2020},
}


@article{chen2019generating,
  author={Chen, Sihao and Ren, Zhaochun and Yang, Shu and Mei, Tao},
  title={Generating Movie Summaries with Latent Variable Conditional Neural Language Models},
  journal={},
  year={2019},
}


@article{jhanwar2020movie,
  author={Jhanwar, Akash and Liu, Qingyu and Tang, Siliang and Chua, Tat-Seng},
  title={Movie Synopsis Generation Using Subtitles and Plot Summaries},
  journal={},
  year={2020},
}